@article{StocDeltaN,
    author = "Renaux-Petel, SÃ©bastien and Tada, Yuichiro and Vennin, Vincent",
    note = "in preparation"
}

@article{Pattison:2017mbe,
      author         = "Pattison, Chris and Vennin, Vincent and Assadullahi,
                        Hooshyar and Wands, David",
      title          = "{Quantum diffusion during inflation and primordial black
                        holes}",
      journal        = "JCAP",
      volume         = "1710",
      year           = "2017",
      number         = "10",
      pages          = "046",
      doi            = "10.1088/1475-7516/2017/10/046",
      eprint         = "1707.00537",
      archivePrefix  = "arXiv",
      primaryClass   = "hep-th",
      SLACcitation   = "%%CITATION = ARXIV:1707.00537;%%"
}

@article{Lyth:2004gb,
      author         = "Lyth, David H. and Malik, Karim A. and Sasaki, Misao",
      title          = "{A General proof of the conservation of the curvature
                        perturbation}",
      journal        = "JCAP",
      volume         = "0505",
      year           = "2005",
      pages          = "004",
      doi            = "10.1088/1475-7516/2005/05/004",
      eprint         = "astro-ph/0411220",
      archivePrefix  = "arXiv",
      primaryClass   = "astro-ph",
      reportNumber   = "YITP-04-67",
      SLACcitation   = "%%CITATION = ASTRO-PH/0411220;%%"
}

@article{Fujita:2013cna,
      author         = "Fujita, Tomohiro and Kawasaki, Masahiro and Tada,
                        Yuichiro and Takesako, Tomohiro",
      title          = "{A new algorithm for calculating the curvature
                        perturbations in stochastic inflation}",
      journal        = "JCAP",
      volume         = "1312",
      year           = "2013",
      pages          = "036",
      doi            = "10.1088/1475-7516/2013/12/036",
      eprint         = "1308.4754",
      archivePrefix  = "arXiv",
      primaryClass   = "astro-ph.CO",
      reportNumber   = "IPMU-13-0154, ICRR-REPORT-658-2013-7",
      SLACcitation   = "%%CITATION = ARXIV:1308.4754;%%"
}

@article{Vennin:2015hra,
      author         = "Vennin, Vincent and Starobinsky, Alexei A.",
      title          = "{Correlation Functions in Stochastic Inflation}",
      journal        = "Eur. Phys. J.",
      volume         = "C75",
      year           = "2015",
      pages          = "413",
      doi            = "10.1140/epjc/s10052-015-3643-y",
      eprint         = "1506.04732",
      archivePrefix  = "arXiv",
      primaryClass   = "hep-th",
      SLACcitation   = "%%CITATION = ARXIV:1506.04732;%%"
}
